
@book{baltazar_2015,
place={Philadelphia},
title={Basic and Bedside Electrocardiography},
publisher={Wolters Kluwer},
author={Baltazar, Romulo F},
year={2015}
},

@ARTICLE{pan-tompkins,
author={J. Pan and W. J. Tompkins},
journal={IEEE Transactions on Biomedical Engineering},
title={A Real-Time QRS Detection Algorithm},
year={1985},
volume={BME-32},
number={3},
pages={230-236},
month={March},
},
