@InProceedings{mazegen,
  author={Kozlova, Aliona and Brown, Joseph Alexander and Reading, Elizabeth},
  booktitle={2015 IEEE Conference on Computational Intelligence and Games (CIG)}, 
  title={Examination of representational expression in maze generation algorithms}, 
  year=2015,
  pages={532-533},
  doi={10.1109/CIG.2015.7317902}}